@article{Kruk,
  title={Граница для сложности декодирования линейных блоковых кодов},
  volume={25},
  number={3},
  journal={Пробл. передачи информ.,},
  author={Крук, Е. А.},
  year={1989},
  pages={103–107}
}


@book{McWilliams,
    place={Москва},
    title={Теория кодов, исправляющих ошибки},
    publisher={Связь},
    author={Мак-Вильямс, Ф. Дж. and Слоэн, Н. Дж. А.},
    year={1979}
}
